@book{fisher1991getting,
  author    = {Roger Fisher and William Ury},
  title     = {Getting to Yes: Negotiating Agreement Without Giving In},
  publisher = {Penguin Books},
  year      = {1991}
}

@book{ury1993como,
  author    = {William Ury},
  title     = {Como Chegar ao Sim},
  publisher = {Sextante},
  year      = {1993}
}

@book{robbins2015comportamento,
  author    = {Stephen Robbins and Timothy Judge},
  title     = {Comportamento Organizacional},
  publisher = {Pearson},
  year      = {2015}
}

@book{goleman1998trabalhando,
  author    = {Daniel Goleman},
  title     = {Trabalhando com a Inteligência Emocional},
  publisher = {Objetiva},
  year      = {1998}
}

@book{goleman1995inteligencia,
  author    = {Daniel Goleman},
  title     = {Inteligência Emocional: A Teoria Revolucionária que Redefine o que é Ser Inteligente},
  publisher = {Objetiva},
  year      = {1995}
}

@book{thompson2012mind,
  author    = {Leigh Thompson},
  title     = {The Mind and Heart of the Negotiator},
  publisher = {Pearson},
  year      = {2012}
}

@book{lewicki2015negotiation,
  author    = {Roy J. Lewicki, Bruce Barry, David M. Saunders},
  title     = {Negotiation},
  publisher = {McGraw-Hill Education},
  edition   = {7},
  year      = {2015}
}

@book{malhotra2016negotiation,
  author    = {Deepak Malhotra and Max H. Bazerman},
  title     = {Negotiation Genius: How to Overcome Obstacles and Achieve Brilliant Results at the Bargaining Table and Beyond},
  publisher = {Bantam},
  year      = {2007}
}

@book{thomas2008conflict,
  author    = {Kenneth W. Thomas},
  title     = {Conflict and Conflict Management},
  publisher = {Jossey-Bass},
  year      = {2008}
}

@book{yin2001case,
  author    = {Robert K. Yin},
  title     = {Case Study Research: Design and Methods},
  publisher = {Sage Publications},
  year      = {2001}
}

@book{french1959bases,
  author    = {John R. P. French and Bertram Raven},
  title     = {The Bases of Social Power},
  journal   = {Studies in Social Power},
  publisher = {University of Michigan},
  year      = {1959}
}

@book{aristoteles2004retorica,
  author    = {Aristóteles},
  title     = {Retórica},
  publisher = {Edições Loyola},
  year      = {2004}
}

@book{perelman1996nova,
  author    = {Chaïm Perelman and Lucie Olbrechts-Tyteca},
  title     = {Nova Retórica: A Argumentação na Vida Cotidiana},
  publisher = {Martins Fontes},
  year      = {1996}
}
